<?xml version="1.0" encoding="UTF-8"?><collection xmlns="http://www.loc.gov/MARC21/slim"><record><leader>00365nam--2200133-i-4500</leader><controlfield tag="001">000023640</controlfield><controlfield tag="002">20161230</controlfield><controlfield tag="005">20161230201035</controlfield><controlfield tag="008">060222s1000------------r-----000-0-eng-d</controlfield><datafield ind1=" " ind2=" " tag="080"><subfield code="a">537.531(045)</subfield></datafield><datafield ind1=" " ind2=" " tag="100"><subfield code="a">Hulubei, Horia M</subfield></datafield><datafield ind1=" " ind2=" " tag="245"><subfield code="a">Un type nouveau d`emissions x hors-diagramme dans les spectres k</subfield></datafield><datafield ind1=" " ind2=" " tag="260"><subfield code="a">Paris, Gauthier-villars, 1947, 3 P</subfield></datafield><datafield ind1=" " ind2=" " tag="852"><subfield code="a">44687</subfield></datafield></record></collection>